<?xml version="1.0" encoding="UTF-8"?><collection xmlns="http://www.loc.gov/MARC21/slim"><record><leader>00378nam--2200121-i-4500</leader><controlfield tag="001">000031502</controlfield><controlfield tag="002">20161230</controlfield><controlfield tag="005">20161230201038</controlfield><controlfield tag="008">060222s1000------------r-----000-0-eng-d</controlfield><datafield ind1=" " ind2=" " tag="245"><subfield code="a">Symposium on microelectronics and large systems</subfield></datafield><datafield ind1=" " ind2=" " tag="260"><subfield code="a">Washington, Spartan Books, Inc., 1965, Vi + 272p</subfield></datafield><datafield ind1=" " ind2=" " tag="700"><subfield code="a">Mathis, Samuel J., Wiley, Richard E.And Spandforfer, Lester M</subfield></datafield><datafield ind1=" " ind2=" " tag="852"><subfield code="a">24688</subfield></datafield></record></collection>